<?xml version="1.0" encoding="UTF-8"?><collection xmlns="http://www.loc.gov/MARC21/slim"><record><leader>00399nam--2200157-i-4500</leader><controlfield tag="001">000028111</controlfield><controlfield tag="002">20161230</controlfield><controlfield tag="005">20170222110420</controlfield><controlfield tag="008">060222s1000------------r-----000-0-eng-d</controlfield><datafield ind1=" " ind2=" " tag="040"><subfield code="a">IFIN-HH</subfield></datafield><datafield ind1=" " ind2=" " tag="080"><subfield code="a">621.372</subfield></datafield><datafield ind1=" " ind2="1" tag="100"><subfield code="a">Ku, Y.H</subfield></datafield><datafield ind1="1" ind2="0" tag="245"><subfield code="a">Transient circuit analysis</subfield></datafield><datafield ind1=" " ind2=" " tag="260"><subfield code="a">Toronto, D.Van Nostrand Co.Inc., 1961. XIV + 441p</subfield></datafield><datafield ind1=" " ind2=" " tag="852"><subfield code="a">17045</subfield><subfield code="c">621.372</subfield></datafield><datafield ind1=" " ind2=" " tag="CAT"><subfield code="a">SYS</subfield><subfield code="c">20170222</subfield><subfield code="h">110420</subfield></datafield></record></collection>